@article{[1],
  author  = {Poojari Manasa and K. Sri Harsha and Deepak D M and Karthik R and Naveen Nichal O},
  title   = {Night Vision Patrolling Robot},
  journal = {Journal of Xi'an University of Architecture \& Technology},
  volume  = {12},
  issue   = {5},
  year    = {2020}
}
@article{[2],
  author  = {Samah A. F. Mansoor and Shaoyuan Sun},
  title   = {TIRFaceNet: Thermal IR Facial Recognition},
  journal = {CISP-BMEI},
  year    = {2019}
}
@article{[3],
  author  = {Chinmay Kulkarni and Suhas Grama and Pramod Gubbi Suresh and Chaitanya Krishna and Joseph Antony},
  title   = {Surveillance Robot Using Arduino Microcontroller, Android APIs and the Internet},
  journal = {International Conference on Systems Informatics, Modeling and Simulation},
  year    = {2014}
}
@article{[4],
  author = {Fares Jalled and Ilia Voronkov},
  title  = {Object Detection using Image Processing},
  year   = {2016}
}
@article{[5],
  author  = {Sander Soo},
  title   = {Object detection using  Haar-cascade Classifier},
  journal = {International Journal of Computer Science \& Information Technology (IJCSIT)},
  year    = {2019}
}
@article{[6],
  author  = {N.Hemavathy and Arun.K and Karthick.R and Srikanth.A.P and Venkatesh.S},
  volume  = {07},
  title   = {Night vision patrolling robot with sound sensor using computer technology},
  journal = {International Research Journal of Engineering and Technology (IRJET)},
  issue   = {08},
  year    = {2020}
}
@article{[7],
  author  = {Jignesh Patoliya and Haard Mehta and Hitesh Patel},
  title   = {Arduino Controlled War Field Spy Robot using Night Vision Wireless Camera and Android Application},
  journal = {Nirma University International Conference on Engineering (NUiCONE)},
  year    = {2015}
}
@article{[8],
  author  = {Farabee Khalid and Itmamul Haque Albab and Dipto Roy and Azad Prince Asif and Kawshik Shikder},
  title   = {Night Patrolling Robot},
  journal = {International Conference on Robotics and Signal Processing Techniques (ICREST)},
  year    = {2021}
}
@article{[9],
  author  = {Manisha Vashisht and Brijesh Kumar},
  title   = {A Survey Paper on Object Detection Methods in Image Processing},
  journal = {Institute of Electrical and Electronics Engineers},
  year    = {2020}
}
@article{[10],
  author  = {Sandeep Kumar and Aman Balyan and Manvi Chawla},
  title   = {Object Detection and Recognition in Images},
  journal = {IJEDR},
  volume  = {05},
  issue   = {5},
  year    = {2017}
}
@article{[11],
  author  = {B. N. Divya and Bhargavi Hegde and B. R. Chaithanya and M. T. Moulya Raju and S. Shambhavi},
  title   = {Smart Motion Detection Surveillance Rover with Night Patrolling for Womenâ€™s Safety and Monitoring},
  journal = {International Journal of Research in Engineering, Science and Management},
  volume  = {4},
  year    = {2021}
}
@article{[12],
  author  = {Pavan Kitchagiri and Saitharun Vaddi and Shyamsundar Rao Rajanala and Bharathvenkatavarma Manthena and Subbarayudu Sanepalli and Irfan Ahmad Pindoo},
  title   = {Night Vision Patrolling Robot for Security Patrolling Using Raspberry Pi},
  journal = {International Journal of Research and application},
  volume  = {11},
  year    = {2021}
}
@article{[13],
  author  = { Vivek Kishor Bhanase and Dr.M.D.Jaybhaye},
  title   = {Face Detection and tracking using image processing on Raspberry Pi},
  journal = {International Conference on Inventive in computing applications},
  year    = {2018}
}
@article{[14],
  author  = {Thai Hoang Le},
  title   = {Applying Artificial Neural Networks for Face Recognition},
  journal = {Advances in Artificial Neural Systems},
  year    = {2011}
}
@article{[15],
  author  = {Nagadeepa and Ganesh V N and Kavya and Aishwarya and Aswathi},
  title   = {Raspberry pi Controlled Night Vision Patrolling Robot},
  journal = {Science, Technology and Development},
  volume  = {10},
  issue   = {8},
  year    = {2021}
}
@article{[16],
  author  = {Dr. Rohith S and Ms.Brunda Rand Ms.Arbin Taj and Ms.Challa Nandini Reddy and Ms.Duttapati Greeshma},
  title   = {Night Vision Patrolling Navigation System For Women's Safety},
  journal = {International Journal of Creative Research Thoughts (IJCRT)},
  year    = {2021}
}
@article{[17],
  title={Scarred for Life: Thoughts on Legal Perspectives of Acid Attacks in Selected Countries with a Focus on India},
  author={Hameed, Shaheema and Bhattacharya, Bhupal},
  journal={Journal of International Women's Studies},
  volume={23},
  number={1},
  pages={12},
  year={2022}
}
@article{[18],
  title={Associations of state-level and county-level hate crimes with individual-level cardiovascular risk factors in a prospective cohort study of middle-aged Americans: the National Longitudinal Survey of Youths 1979},
  author={Gero, Krisztina and Noubary, Farzad and Kawachi, Ichiro and Baum, Christopher F and Wallace, Robert B and Briesacher, Becky A and Kim, Daniel},
  journal={BMJ open},
  volume={12},
  number={1},
  pages={e054360},
  year={2022},
  publisher={British Medical Journal Publishing Group}
}
@article{kaur2021face,
  title={Face Detection Using Haar Cascades Classifier},
  author={Kaur, Harleen and Mirza, Arisha},
  journal={ICIDSSD 2020},
  pages={158},
  year={2021},
  publisher={European Alliance for Innovation}
}
@article{lu2021face,
  title={Face Detection and Recognition Algorithm in Digital Image Based on Computer Vision Sensor},
  author={Lu, Di and Yan, Limin},
  journal={Journal of Sensors},
  volume={2021},
  year={2021},
  publisher={Hindawi}
}
@article{hasan2021human,
  title={Human face detection techniques: A comprehensive review and future research directions},
  author={Hasan, Md Khaled and Ahsan, Md and Newaz, SH and Lee, Gyu Myoung and others},
  journal={Electronics},
  volume={10},
  number={19},
  pages={2354},
  year={2021},
  publisher={Multidisciplinary Digital Publishing Institute}
}
@article{mediapipe,
  title={Mediapipe: A framework for building perception pipelines},
  author={Lugaresi, Camillo and Tang, Jiuqiang and Nash, Hadon and McClanahan, Chris and Uboweja, Esha and Hays, Michael and Zhang, Fan and Chang, Chuo-Ling and Yong, Ming Guang and Lee, Juhyun and others},
  journal={arXiv preprint arXiv:1906.08172},
  year={2019}
}
@inproceedings{viola2001rapid,
  title={Rapid object detection using a boosted cascade of simple features},
  author={Viola, Paul and Jones, Michael},
  booktitle={Proceedings of the 2001 IEEE computer society conference on computer vision and pattern recognition. CVPR 2001},
  volume={1},
  pages={I--I},
  year={2001},
  organization={Ieee}
}